<?xml version="1.0" encoding="UTF-8"?>
<record xmlns="http://www.loc.gov/MARC21/slim" xmlns:xsi="http://www.w3.org/2001/XMLSchema-instance" xsi:schemaLocation="http://www.loc.gov/MARC21/slim http://www.loc.gov/standards/marcxml/schema/MARC21slim.xsd">
<leader>     cam a2200301   4500</leader>
<controlfield tag="001">002965625</controlfield>
<controlfield tag="003">NNU</controlfield>
<controlfield tag="005">19940713181853.0</controlfield>
<controlfield tag="008">860723m19151936ua abch       000 0 arar</controlfield>
<datafield tag="010" ind1=" " ind2=" ">
<subfield code="a">59054791</subfield>
</datafield>
<datafield tag="035" ind1="9" ind2=" ">
<subfield code="a">NYUb10694077</subfield>
</datafield>
<datafield tag="035" ind1=" " ind2=" ">
<subfield code="a">(CStRLIN)NYUG86-B25740</subfield>
</datafield>
<datafield tag="035" ind1=" " ind2=" ">
<subfield code="a">GLIS006940773</subfield>
</datafield>
<datafield tag="040" ind1=" " ind2=" ">
<subfield code="c">NNU</subfield>
<subfield code="d">NNU</subfield>
</datafield>
<datafield tag="043" ind1=" " ind2=" ">
<subfield code="a">f-ua---</subfield>
<subfield code="a">fl-----</subfield>
</datafield>
<datafield tag="050" ind1="0" ind2=" ">
<subfield code="a">DT74</subfield>
<subfield code="b">.S3</subfield>
</datafield>
<datafield tag="090" ind1=" " ind2=" ">
<subfield code="i">03/29/89 T</subfield>
<subfield code="h">03/13/89 CT</subfield>
</datafield>
<datafield tag="100" ind1="1" ind2=" ">
<subfield code="a">Sāmī, Amīn,</subfield>
<subfield code="d">d. 1941.</subfield>
</datafield>
<datafield tag="245" ind1="1" ind2="0">
<subfield code="a">Taqwīm al-Nīl,</subfield>
<subfield code="b">wa-asmāʼ man tawallū amr Miṣr wa-muddat ḥukmihim ʻalayhā wa-mulāḥaẓāt taʼrīkhīyah ʻan aḥwāl al-khilāfah al-ʻāmmah wa-shuʼūn Miṣr al-khāṣṣah ʻan al-muddah al-munḥaṣarah bayna al-sanah al-ulá wa-sanat 1333 al-Hijrīyah 622-1915 Mīlādīyah)</subfield>
<subfield code="c">li-wāḍiʻihi Amīn Sāmī. Muqaddimat al-kitāb [wa-3 ajzāʼ]</subfield>
</datafield>
<datafield tag="260" ind1=" " ind2=" ">
<subfield code="a">al-Qāhirah,</subfield>
<subfield code="b">Maṭbaʻat al-Amīrīyah,</subfield>
<subfield code="c">1334 [ḥaqīqatan 1333]-1355/1916 [ḥaqīqatan 1915]-1936 [1915-1936]</subfield>
</datafield>
<datafield tag="300" ind1=" " ind2=" ">
<subfield code="a">4 v. in 5</subfield>
<subfield code="b">illus., plates, ports., fold. col. maps, diagrs., facsims., tables.</subfield>
<subfield code="c">32 cm.</subfield>
</datafield>
<datafield tag="500" ind1=" " ind2=" ">
<subfield code="a">No more published?</subfield>
</datafield>
<datafield tag="505" ind1="1" ind2=" ">
<subfield code="a">[Juzʼ ghayr muraqqam] Muqaddimat al-kitāb. 1916 -- al-juzʼ al-awwal: 622-1516. 1915 -- al-juzʼ al-thānī: 1517-1848. 1932 -- al-juzʼ al-thālith, al-mujallad al-awwal: 1848-1863. al-mujallad al-thānī: 1863-1872. al-mujallad al-thālith: 1873-1879. 1936.</subfield>
</datafield>
<datafield tag="650" ind1=" " ind2="0">
<subfield code="a">Stream measurements</subfield>
<subfield code="z">Nile River.</subfield>
</datafield>
<datafield tag="651" ind1=" " ind2="0">
<subfield code="a">Egypt</subfield>
<subfield code="x">History</subfield>
<subfield code="v">Chronology.</subfield>
</datafield>
<datafield tag="OWN" ind1=" " ind2=" ">
<subfield code="a">GENERAL</subfield>
</datafield>
<datafield tag="950" ind1=" " ind2=" ">
<subfield code="l">BMAIN</subfield>
<subfield code="a">DT74</subfield>
<subfield code="b">.S3</subfield>
<subfield code="d">\Oversize\</subfield>
<subfield code="n">455:sl\Unanalyzed\</subfield>
<subfield code="h">03/13/89 C</subfield>
</datafield>
<datafield tag="955" ind1=" " ind2=" ">
<subfield code="l">BMAIN</subfield>
<subfield code="c">1:v.2</subfield>
<subfield code="h">03/13/89 C</subfield>
</datafield>
<datafield tag="955" ind1=" " ind2=" ">
<subfield code="l">BMAIN</subfield>
<subfield code="c">1:v.1</subfield>
<subfield code="h">03/13/89 C</subfield>
</datafield>
<datafield tag="998" ind1=" " ind2=" ">
<subfield code="a">03/29/89</subfield>
<subfield code="t">c</subfield>
<subfield code="s">9114</subfield>
<subfield code="n">NNU</subfield>
<subfield code="w">NYUG86B25740</subfield>
<subfield code="d">07/23/86</subfield>
<subfield code="b">PJV</subfield>
<subfield code="i">890329</subfield>
<subfield code="h">890313</subfield>
<subfield code="l">NYUG</subfield>
</datafield>
<datafield tag="AVA" ind1=" " ind2=" ">
<subfield code="a">NYU50</subfield>
<subfield code="b">BOBST</subfield>
<subfield code="c">Main Collection</subfield>
<subfield code="d">DT74 .S3 Oversize</subfield>
<subfield code="e">unavailable</subfield>
<subfield code="t">Unavailable</subfield>
<subfield code="f">2</subfield>
<subfield code="g">2</subfield>
<subfield code="h">Y</subfield>
<subfield code="i">0</subfield>
<subfield code="j">MAIN</subfield>
<subfield code="k">0</subfield>
</datafield>
</record>
